@article{knuth84,
  author = {Knuth, Donald E.},
  title = {Literate Programming},
  year = {1984},
  issue_date = {May 1984},
  publisher = {Oxford University Press, Inc.},
  address = {USA},
  volume = {27},
  number = {2},
  issn = {0010-4620},
  url = {https://doi.org/10.1093/comjnl/27.2.97},
  doi = {10.1093/comjnl/27.2.97},
  journal = {Comput. J.},
  month = may,
  pages = {97–111},
  numpages = {15}
}



@book{lovelace2019,
	title = {Geocomputation with R},
	author = {Lovelace, Robin and Nowosad, Jakub and Muenchow, Jannes},
	year = {2019},
	month = {03},
	date = {2019-03-22},
	publisher = {Chapman and Hall/CRC},
	doi = {10.1201/9780203730058},
	url = {http://dx.doi.org/10.1201/9780203730058}
}


@book{comber2015,
  title={An introduction to R for spatial analysis \& mapping},
  author={Brunsdon, Chris and Comber, Lex},
  year={2015},
  publisher={Sage}
}

@book{bivand2013,
	title = {Applied Spatial Data Analysis with R},
	author = {Bivand, Roger S. and Pebesma, Edzer and {Gómez-Rubio}, Virgilio},
	year = {2013},
	date = {2013},
	publisher = {Springer New York},
	doi = {10.1007/978-1-4614-7618-4},
	url = {http://dx.doi.org/10.1007/978-1-4614-7618-4}
}


@article{onnerfors2019eurostat,
  title={Eurostat regional yearbook 2019 edition},
  author={{\"O}nnerfors, {\AA}sa and Kotzeva, Mariana and Brandm{\"u}ller, Teod{\'o}ra and others},
  year={2019},
  publisher={Oficina de Publicaciones de la Uni{\'o}n Europea}
}

@article{tao2018,
	title = {To travel or not to travel: {\textquoteleft}Weather{\textquoteright} is the question. Modelling the effect of local weather conditions on bus ridership},
	author = {Tao, Sui and Corcoran, Jonathan and Rowe, Francisco and Hickman, Mark},
	year = {2018},
	month = {01},
	date = {2018-01},
	journal = {Transportation Research Part C: Emerging Technologies},
	pages = {147--167},
	volume = {86},
	doi = {10.1016/j.trc.2017.11.005},
	url = {http://dx.doi.org/10.1016/j.trc.2017.11.005},
	langid = {en}
}

@article{rowe2020,
	title = {Mapping the spatial patterns of internal migration in Europe},
	author = {Rowe, Francisco and Patias, Nikos},
	year = {2020},
	month = {01},
	date = {2020-01-01},
	journal = {Regional Studies, Regional Science},
	pages = {390--393},
	volume = {7},
	number = {1},
	doi = {10.1080/21681376.2020.1811139},
	url = {http://dx.doi.org/10.1080/21681376.2020.1811139},
	langid = {en}
}


@article{kwan2004geovisualization,
  title={Geovisualization of human activity patterns using 3D GIS: a time-geographic approach},
  author={Kwan, Mei-Po and Lee, Jiyeong},
  journal={Spatially integrated social science},
  volume={27},
  pages={721--744},
  year={2004},
  publisher={Oxford University Press New York}
}

@article{kong2018,
	title = {Big Trajectory Data: A Survey of Applications and Services},
	author = {Kong, Xiangjie and Li, Menglin and Ma, Kai and Tian, Kaiqi and Wang, Mengyuan and Ning, Zhaolong and Xia, Feng},
	year = {2018},
	date = {2018},
	journal = {IEEE Access},
	pages = {58295--58306},
	volume = {6},
	doi = {10.1109/access.2018.2873779},
	url = {http://dx.doi.org/10.1109/ACCESS.2018.2873779}
}

@article{openshaw1981modifiable,
  title={The modifiable areal unit problem},
  author={Openshaw, Stan},
  journal={Quantitative geography: A British view},
  pages={60--69},
  year={1981},
  publisher={Routledge and Kegan Paul, Andover}
}

@article{loidl2016,
	title = {Mapping Bicycle Crash Risk Patterns on the Local Scale},
	author = {Loidl, Martin and Wallentin, Gudrun and Wendel, Robin and Zagel, Bernhard},
	year = {2016},
	month = {09},
	date = {2016-09-01},
	journal = {Safety},
	pages = {17},
	volume = {2},
	number = {3},
	doi = {10.3390/safety2030017},
	url = {http://dx.doi.org/10.3390/safety2030017},
	langid = {en}
}

@article{fotheringham1991modifiable,
  title={The modifiable areal unit problem in multivariate statistical analysis},
  author={Fotheringham, A Stewart and Wong, David WS},
  journal={Environment and planning A},
  volume={23},
  number={7},
  pages={1025--1044},
  year={1991},
  publisher={SAGE Publications Sage UK: London, England}
}

@article{niedomysl2011,
	title = {How Migration Motives Change over Migration Distance: Evidence on Variation across Socio-economic and Demographic Groups},
	author = {Niedomysl, Thomas},
	year = {2011},
	month = {06},
	date = {2011-06},
	journal = {Regional Studies},
	pages = {843--855},
	volume = {45},
	number = {6},
	doi = {10.1080/00343401003614266},
	url = {http://dx.doi.org/10.1080/00343401003614266},
	langid = {en}
}

@article{stillwell2018,
	title = {Spatial Aggregation Methods for Investigating the MAUP Effects in Migration Analysis},
	author = {Stillwell, John and Daras, Konstantinos and Bell, Martin},
	year = {2018},
	month = {08},
	date = {2018-08-13},
	journal = {Applied Spatial Analysis and Policy},
	pages = {693--711},
	volume = {11},
	number = {4},
	doi = {10.1007/s12061-018-9274-6},
	url = {http://dx.doi.org/10.1007/s12061-018-9274-6},
	langid = {en}
}

@article{casado-díaz2017,
	title = {An evolutionary approach to the delimitation of labour market areas: an empirical application for Chile},
	author = {{Casado-Díaz}, {José Manuel} and {Martínez-Bernabéu}, Lucas and Rowe, Francisco},
	year = {2017},
	month = {02},
	date = {2017-02-13},
	journal = {Spatial Economic Analysis},
	pages = {379--403},
	volume = {12},
	number = {4},
	doi = {10.1080/17421772.2017.1273541},
	url = {http://dx.doi.org/10.1080/17421772.2017.1273541},
	langid = {en}
}

@article{arribas-bel2021,
	title = {Building(s and) cities: Delineating urban areas with a machine learning algorithm},
	author = {Arribas-Bel, Daniel and {Garcia-López}, {M.-À.} and Viladecans-Marsal, Elisabet},
	year = {2021},
	month = {09},
	date = {2021-09},
	journal = {Journal of Urban Economics},
	pages = {103217},
	volume = {125},
	doi = {10.1016/j.jue.2019.103217},
	url = {http://dx.doi.org/10.1016/j.jue.2019.103217},
	langid = {en}
}

@article{singleton2013,
	title = {The Past, Present, and Future of Geodemographic Research in the United States and United Kingdom},
	author = {Singleton, Alexander D. and Spielman, Seth E.},
	year = {2013},
	month = {11},
	date = {2013-11-27},
	journal = {The Professional Geographer},
	pages = {558--567},
	volume = {66},
	number = {4},
	doi = {10.1080/00330124.2013.848764},
	url = {http://dx.doi.org/10.1080/00330124.2013.848764},
	langid = {en}
}

@inbook{patias2019,
	title = {A Scalable Analytical Framework for Spatio-Temporal Analysis of Neighborhood Change: A Sequence Analysis Approach},
	author = {Patias, Nikos and Rowe, Francisco and Cavazzi, Stefano},
	year = {2019},
	month = {04},
	date = {2019-04-16},
	publisher = {Springer International Publishing},
	pages = {223--241},
	doi = {10.1007/978-3-030-14745-7_13},
	url = {http://dx.doi.org/10.1007/978-3-030-14745-7_13}
}

@article{wolf2020,
	title = {Quantitative geography III: Future challenges and challenging futures},
	author = {Wolf, Levi John and Fox, Sean and Harris, Rich and Johnston, Ron and Jones, Kelvyn and Manley, David and Tranos, Emmanouil and Wang, Wenfei Winnie},
	year = {2020},
	month = {05},
	date = {2020-05-26},
	journal = {Progress in Human Geography},
	pages = {596--608},
	volume = {45},
	number = {3},
	doi = {10.1177/0309132520924722},
	url = {http://dx.doi.org/10.1177/0309132520924722},
	langid = {en}
}

@article{robinson1950ecological,
  title={Ecological correlations and individual behavior},
  author={Robinson, WS},
  journal={American Sociological Review},
  volume={15},
  number={195},
  pages={351--57},
  year={1950}
}


@book{anselin1988spatial,
  title={Spatial econometrics: methods and models},
  author={Anselin, Luc},
  volume={4},
  year={1988},
  publisher={Springer Science \& Business Media}
}


@book{grolemund_wickham_2019_book,
  title={R for Data Science},
  author={Grolemund, Garrett and
	Wickham, Hadley},
  year={2019},
	url = {https://r4ds.had.co.nz},
  publisher={O'Reilly, US}
}


@book{Xie_et_al_2019_book,
  title={R Markdown: The Definitive Guide},
  author={Xie, Yihui and
Allaire, JJ and
 Grolemund, Garrett},
  year={2019},
	url = {https://bookdown.org/yihui/rmarkdown/},
  publisher={CRC Press, Taylor \& Francis, Chapman \& Hall Book}
}


@unpublished{envs450_2018,
  title = {Survey Analysis},
  author = {Williamson, Paul},
  year = {2018},
}


@book{banerjee2014hierarchical,
  title={Hierarchical modeling and analysis for spatial data},
  author={Banerjee, Sudipto and Carlin, Bradley P and Gelfand, Alan E},
  year={2014},
  publisher={Crc Press}
}

@book{cressie2015statistics,
  title={Statistics for spatial data},
  author={Cressie, Noel},
  year={2015},
  publisher={John Wiley \& Sons}
}


@unpublished{gds_ua17,
  title = {Geographic Data Science for Urban Analytics},
  author = {Alex Singleton},
  year = {2017},
  note = {Online course},
  url = {http://www.alex-singleton.com/GDS_UA_2017/},
}

@book{gelman2006data,
  title={Data analysis using regression and multilevel/hierarchical models},
  author={Gelman, Andrew and Hill, Jennifer},
  year={2006},
  publisher={Cambridge University Press}
}


@misc{rowe2022,
	title = {Spatial Interaction Modelling: A Manifesto},
	author = {Rowe, Francisco and Lovelace, Robin and Dennett, Adam},
	year = {2022},
	month = {07},
	date = {2022-07-22},
	url = {http://dx.doi.org/10.31219/osf.io/xcdms}
}


@book{fotheringham1989spatial,
  title={Spatial interaction models: formulations and applications},
  author={Fotheringham, A Stewart and O'Kelly, Morton E},
  volume={1},
  year={1989},
  publisher={Kluwer Academic Publishers Dordrecht}
}

@book{reyABwolf,
  title={Geographic Data Science with PySAL and the PyData stack},
  author={Rey, Sergio J. and Arribas-Bel, Daniel and Wolf, Levi J.},
  year={forthcoming},
  publisher={CRC press},
  notes={Available online at: https://geographicdata.science/book}
}

@article{arribas2014spatial,
  title={Spatial data, analysis, and regression-a mini course},
  author={Arribas-Bel, Dani},
  journal={REGION},
  volume={1},
  number={1},
  pages={R1},
  year={2014},
  publisher={European Regional Science Association},
  url = "http://darribas.org/sdar_mini",
}

@unpublished{anselin2005spatial,
  title={Spatial Regression Analysis in R--A Workbook},
  author={Anselin, Luc},
  publisher={Center for Spatially Integrated Social Science},
  url={http://csiss.org/GISPopSci/workshops/2011/PSU/readings/W15_Anselin2007.pdf},
  year={2007}
}


@article{darribas_gds_course,
  author = {Dani Arribas-Bel},
  title = {A course on Geographic Data Science},
  year = 2019,
  journal = {The Journal of Open Source Education},
  volume = 2,
  number = 14,
  doi = {https://doi.org/10.21105/jose.00042}
}

@article{anselin2003spatial,
  title={Spatial externalities, spatial multipliers, and spatial econometrics},
  author={Anselin, Luc},
  journal={International regional science review},
  volume={26},
  number={2},
  pages={153--166},
  year={2003},
  publisher={Sage Publications}
}

@article{gibbons2014spatial,
  title={Spatial methods},
  author={Gibbons, Stephen and Overman, Henry G and Patacchini, Eleonora},
  year={2014},
  publisher={CEPR Discussion Paper No. DP10135}
}

@book{anselin2014modern,
  title={Modern spatial econometrics in practice: a guide to GeoDa, GeoDaSpace and PySAL},
  author={Anselin, Luc and Rey, Sergio J.},
  year={2014},
  publisher={GeoDa Press LLC}
}
@article{rowe2022a,
	title = {Introduction to Geographic Data Science},
	author = {Rowe, Francisco},
	year = {2022},
	month = {08},
	date = {2022-08-03},
	journal = {Open Science Framework},
	doi = {10.17605/OSF.IO/VHY2P},
	url = {https://osf.io/vhy2p/}
}


@online{bristol2020,
  author = {Centre for Multilevel Modelling},
  title = {Introduction to Multilevel Modelling},
  year = {n.d.},
  url = {http://www.bristol.ac.uk/cmm/learning/online-course/course-topics.html#m04},
  urldate = {2020-02-11},
  doi = {}
}

@book{Fotheringham_et_al_2002_book,
  title={Geographically Weighted Regression},
  author={Fotheringham, Stewart and
Brunsdon,  Chris and
Charlton, Martin},
  year={2002},
  publisher={John Wiley \& Sons}
}
@article{comber2022,
	title = {A Route Map for Successful Applications of Geographically Weighted Regression},
	author = {Comber, Alexis and Brunsdon, Christopher and Charlton, Martin and Dong, Guanpeng and Harris, Richard and Lu, Binbin and {Lü}, Yihe and Murakami, Daisuke and Nakaya, Tomoki and Wang, Yunqiang and Harris, Paul},
	year = {2022},
	month = {01},
	date = {2022-01-09},
	journal = {Geographical Analysis},
	pages = {155--178},
	volume = {55},
	number = {1},
	doi = {10.1111/gean.12316},
	url = {http://dx.doi.org/10.1111/gean.12316},
	langid = {en}
}


@book{belsley2005regression,
  title={Regression diagnostics: Identifying influential data and sources of collinearity},
  author={Belsley, David A and Kuh, Edwin and Welsch, Roy E},
  volume={571},
  year={2005},
  publisher={John Wiley \& Sons}
}


@article{brunsdon1998geographically,
  title={Geographically weighted regression},
  author={Brunsdon, Chris and Fotheringham, Stewart and Charlton, Martin},
  journal={Journal of the Royal Statistical Society: Series D (The Statistician)},
  volume={47},
  number={3},
  pages={431--443},
  year={1998},
  publisher={Wiley Online Library}
}

@article{patias2021,
	title = {Trajectories of neighbourhood inequality in Britain: Unpacking inter{-}regional socioeconomic imbalances, 1971{-}2011},
	author = {Patias, Nikos and Rowe, Francisco and {Arribas{-}Bel}, Dani},
	year = {2021},
	month = {12},
	date = {2021-12-02},
	journal = {The Geographical Journal},
	pages = {150--165},
	volume = {188},
	number = {2},
	doi = {10.1111/geoj.12420},
	url = {http://dx.doi.org/10.1111/geoj.12420},
	langid = {en}
}

@article{lu2014gwmodel,
  title={The GWmodel R package: further topics for exploring spatial heterogeneity using geographically weighted models},
  author={Lu, Binbin and Harris, Paul and Charlton, Martin and Brunsdon, Chris},
  journal={Geo-spatial Information Science},
  volume={17},
  number={2},
  pages={85--101},
  year={2014},
  publisher={Taylor \& Francis}
}

@article{wheeler2005multicollinearity,
  title={Multicollinearity and correlation among local regression coefficients in geographically weighted regression},
  author={Wheeler, David and Tiefelsdorf, Michael},
  journal={Journal of Geographical Systems},
  volume={7},
  number={2},
  pages={161--187},
  year={2005},
  publisher={Springer}
}


@article{zammit2017frk,
  title={FRK: An R package for spatial and spatio-temporal prediction with large datasets},
  author={Zammit-Mangion, Andrew and Cressie, Noel},
  journal={arXiv preprint arXiv:1705.08105},
  year={2017}
}

@book{wikle2019spatio,
  title={Spatio-temporal Statistics with R},
  author={Wikle, Christopher K and Zammit-Mangion, Andrew and Cressie, Noel},
  year={2019},
  publisher={CRC Press}
}


@article{cressie2008fixed,
  title={Fixed rank kriging for very large spatial data sets},
  author={Cressie, Noel and Johannesson, Gardar},
  journal={Journal of the Royal Statistical Society: Series B (Statistical Methodology)},
  volume={70},
  number={1},
  pages={209--226},
  year={2008},
  publisher={Wiley Online Library}
}

@article{pebesma2012spacetime,
  title={spacetime: Spatio-temporal data in r},
  author={Pebesma, Edzer and others},
  journal={Journal of statistical software},
  volume={51},
  number={7},
  pages={1--30},
  year={2012}
}

@article{gabadinho2009mining,
  title={Mining sequence data in R with the TraMineR package: A user’s guide},
  author={Gabadinho, Alexis and Ritschard, Gilbert and Studer, Matthias and M{\"u}ller, Nicolas S},
  journal={Geneva: Department of Econometrics and Laboratory of Demography, University of Geneva},
  year={2009}
}

@book{hyndman2018forecasting,
  title={Forecasting: principles and practice},
  author={Hyndman, Rob J and Athanasopoulos, George},
  year={2018},
  publisher={OTexts}
}
